1877 2755
164 39 287 94 dem
306 42 571 103 Christum
587 51 821 111 euolaiet
835 98 848 112 .
897 62 1077 118 Habes
1094 66 1127 121 ὸ
1142 65 1339 128 sacrum
1355 77 1404 128 ὃς
1419 82 1776 143 venerandum

162 134 338 187 caput,
357 125 503 193 quod
518 144 808 186 extremum
825 137 921 190 tibi
935 142 987 191 in
1002 142 1096 196 hac
1113 148 1336 202 Ecclefia
1352 151 1647 212 debebatur
1659 163 1773 216 offis:

158 195 300 247 cium
317 195 346 249 a
363 217 444 251 me
458 206 755 270 praestitum,
772 210 1009 267 sermone
1023 223 1239 291 quidem
1254 228 1409 278 miras
1426 244 1535 284 tuas
1551 238 1770 295 virtutes

155 287 263 323 non
280 270 576 347 assequente
593 318 608 342 ,
623 279 708 335 sed
723 283 751 337 a
768 287 1139 349 beneuolentia
1155 314 1325 353 tamen
1350 300 1588 376 fingulari
1603 314 1766 381 profi-

153 343 375 403 ciscente
395 358 705 422 :oportebat
718 365 877 425 enim,
894 382 1094 441 vtquos
1110 378 1376 448 tamquam
1393 400 1564 437 nouos
1581 389 1765 443 Eccle-

152 419 230 473 fiae
246 427 401 479 flores
420 432 787 495 excoleba82ac
800 441 933 495 adid
948 448 1258 504 eruditionis
1275 457 1566 523 perducere
1580 470 1762 536 cupie-

147 497 262 560 bas>
280 519 334 555 vt
344 503 545 572 possent
557 509 609 560 in
626 511 850 568 Ecclesia
864 533 949 571 tua
962 518 1252 581 sermonem
1268 530 1483 595 habere,
1498 539 1584 590 vni
1601 557 1664 593 ex
1680 546 1756 597 eis

143 588 195 626 te
209 576 374 646 ipsum
391 578 640 639 sermonis
656 605 1021 659 argumentum
1034 604 1295 669 praeberes
1315 627 1325 656 :
1355 625 1514 679 quem
1530 613 1625 667 tibi
1638 633 1757 687 gra-

141 651 331 708 tiorem
346 656 455 709 fore
470 658 697 716 arbitror
710 700 725 724 2
743 666 902 738 quam
916 670 950 724 fi
976 691 1199 746 corpore
1213 681 1384 734 adhuc
1411 688 1753 749 circundutus

136 725 288 784 illum
313 734 396 785 hic
412 734 620 790 audires
642 760 652 791 :
674 757 791 794 cum
815 742 966 815 supra
980 766 1075 802 nos
1105 756 1297 823 politus
1313 793 1329 818 2
1345 776 1441 813 nos
1469 764 1656 819 melius
1672 772 1753 823 in-

135 810 327 860 tuearis
343 845 358 869 ,
375 813 423 861 3<
439 814 637 867 maiore
651 818 773 885 igne
788 821 926 873 chari
934 829 1048 877 tatis
1065 845 1186 900 erga
1199 850 1295 884 nos
1312 837 1611 893 exardescas
1626 881 1640 894 .

133 880 365 952 Impetra
380 886 534 939 nobis
550 886 579 941 εἰ
598 892 717 946 Deo
733 897 805 947 tui
822 894 1039 952 similem
1057 905 1339 971 Pastorem,
1354 914 1501 983 quod
1515 917 1549 967 fi
1562 933 1747 986 preces

130 970 229 1008 tuae
253 958 482 1015 sufficere
496 981 603 1018 non
616 968 939 1025 videbuntur
953 1012 969 1036 ,
987 978 1182 1035 adhibe
1208 999 1382 1038 tecum
1409 989 1742 1062 Prosper-um,

126 1035 177 1084 &
193 1036 485 1090 Maximum
498 1076 516 1100 2
531 1044 621 1112 qui
639 1046 860 1101 eandem
878 1051 1155 1108 Ecclesiam
1171 1077 1417 1116 rexerunt
1431 1085 1443 1122 3
1458 1082 1513 1119 vt
1526 1066 1651 1122 ficut
1663 1073 1742 1125 >il·-

123 1108 298 1163 lorum
314 1116 563 1183 precibus
581 1117 823 1174 effectum
839 1126 909 1177 est
922 1162 937 1186 2
954 1143 1009 1180 vt
1022 1145 1070 1183 te
1086 1133 1348 1189 Pastorem
1362 1139 1701 1201 habuerimus
1715 1179 1754 1212 ,ff

121 1182 194 1237 ita
226 1187 418 1244 eisdem
447 1208 566 1243 cum
594 1198 694 1246 tuis
733 1201 1025 1257 coniunctis
1052 1242 1068 1267 2
1094 1209 1253 1262 alium
1290 1215 1599 1274 Pontificem
1622 1226 1742 1279 ani<

119 1277 217 1316 mae
232 1279 329 1319 tuae
345 1267 633 1342 imaginem
648 1270 960 1330 referentem
974 1282 1356 1344 nanciscamur.
1710 1294 1734 1303 '⁴

632 1533 919 1628 Explicit
939 1543 1197 1615 Oratio.
